%% CMJ LaTeX Template - example Bibliography file
%%

@misc{webaudio,
	author={Chris Rogers},
	year={2012},
        title={Web Audio API: W3C Working Draft},
	howpublished = {\url{http://www.w3.org/TR/webaudio/}} 
}

@inproceedings{wang2003chuck,
  title={ChucK: A concurrent, on-the-fly audio programming language},
  author={Wang, G. and Cook, P.R. and others},
  booktitle={Proceedings of the International Computer Music Conference},
  pages={219--226},
  year={2003},
  organization={Singapore: International Computer Music Association (ICMA)}
}

@inproceedings{magnusson2011ixi,
  title={ixi lang: a SuperCollider parasite for live coding},
  author={Magnusson, T.},
  booktitle={Proceedings of the International Computer Music Conference},
  year={2011},
  organization={University of Huddersfield}
}

@misc{gibber,
	author={Charlie Roberts},
	year={2012},
        title={Gibber},
	howpublished = {\url{http://www.charlie-roberts.com/gibber/}} 
}

@misc{livecoder,
	author={Fritz Obermeyer},
	year={2012},
        title={LiveCoder},
	howpublished = {\url{http://livecoder.net}} 
}

@misc{livecodingio,
	author={Gabriel Florit},
	year={2012},
        title={livecoding.io},
	howpublished = {\url{http://livecoding.io}} 
}

@misc{livecodelab,
	author={Davide Della Casa},
	year={2012},
        title={Livecodelab},
	howpublished = {\url{http://www.sketchpatch.net/livecodelab}} 
}

@misc{jison,
	author={Zach Carter},
	year={2010},
        title={Jison},
	howpublished = {\url{http://jison.org}} 
}

@misc{fabbri,
	author={Renato Fabbri},
	year={2008},
        title={A Beat Tracker},
	howpublished = {\url{http://trac.assembla.com/audioexperiments/browser/ABeatDetector}} 
}

@misc{fabbri2,
	author={Renato Fabbri},
	year={2012},
        title={FIGGUS: Finite Groups in Granular and Unit Synthesis},
	howpublished = {\url{http://wiki.nosdigitais.teia.org.br/FIGGUS}} 
}

@misc{audiodata,
	author={David Humphrey and Corban Brook and Al MacDonald andYury Delendik and 
Ricard Marxer and Charles Cliffe },
	year={2010},
        title={Audio Data API},
	howpublished = {\url{https://wiki.mozilla.org/Audio_Data_API}} 
}